@INPROCEEDINGS{manjesh2017,

  author={S. {Manjesh} and T. {Kanakagiri} and P. {Vaishak} and V. {Chettiar} and G. {Shobha}},

  booktitle={2017 2nd International Conference on Computational Systems and Information Technology for Sustainable Solution (CSITSS)}, 

  title={Clickbait Pattern Detection and Classification of News Headlines Using Natural Language Processing}, 

  year={2017},

  volume={},

  number={},

  pages={1-5}
  
  }
  
  @article{ecker2014,
  title={The effects of subtle misinformation in news headlines.},
  author={Ecker, Ullrich KH and Lewandowsky, Stephan and Chang, Ee Pin and Pillai, Rekha},
  journal={Journal of experimental psychology: applied},
  volume={20},
  number={4},
  pages={323},
  year={2014},
  publisher={American Psychological Association}
}

@inproceedings{chesney2017,
  title={Incongruent headlines: Yet another way to mislead your readers},
  author={Chesney, Sophie and Liakata, Maria and Poesio, Massimo and Purver, Matthew},
  booktitle={Proceedings of the 2017 EMNLP Workshop: Natural Language Processing meets Journalism},
  pages={56--61},
  year={2017}
}


@inproceedings{potthast2016,
  title={Clickbait detection},
  author={Potthast, Martin and K{\"o}psel, Sebastian and Stein, Benno and Hagen, Matthias},
  booktitle={European Conference on Information Retrieval},
  pages={810--817},
  year={2016},
  organization={Springer}
}

@misc{mahoney2015,
 title={A Complete Taxonomy of Internet Chum},
 url={https://www.theawl.com/2015/06/a-complete-taxonomy-of-internet-chum/},
 journal={The Awl},
 author={Mahoney, John},
 year={2015},
 month={Jun}
 } 

@article{allcott2017,
  doi = {10.1257/jep.31.2.211},
  url = {https://doi.org/10.1257/jep.31.2.211},
  year = {2017},
  month = may,
  publisher = {American Economic Association},
  volume = {31},
  number = {2},
  pages = {211--236},
  author = {Hunt Allcott and Matthew Gentzkow},
  title = {Social Media and Fake News in the 2016 Election},
  journal = {Journal of Economic Perspectives}
}


@misc{lopez2016, 
title={A man fired shots at a DC pizzeria while "investigating" a bizarre fake news conspiracy theory}, url={https://www.vox.com/policy-and-politics/2016/12/5/13839178/comet-fake-news-pizzagate-gunman}, journal={Vox}, publisher={Vox}, author={Lopez, German}, year={2016}, month={Dec}
}

@article{molek2013,
  title={Towards a pragma-linguistic framework for the study of sensationalism in news headlines},
  author={Molek-Kozakowska, Katarzyna},
  journal={Discourse \& Communication},
  volume={7},
  number={2},
  pages={173--197},
  year={2013},
  publisher={Sage Publications Sage UK: London, England}
}

